%! Author = simon
%! Date = 20/04/2023

